@article{harris1954distributional,
  title={Distributional structure},
  author={Harris, Zellig S},
  journal={Word},
  volume={10},
  number={2-3},
  pages={146--162},
  year={1954},
  publisher={Taylor \& Francis}
}

@book{manning2008introduction,
  title={Introduction to information retrieval},
  author={Manning, Christopher D and Raghavan, Prabhakar and Sch{\"u}tze, Hinrich and others},
  volume={1},
  number={1},
  year={2008},
  publisher={Cambridge university press Cambridge}
}

@inproceedings{tellex2003quantitative,
  title={Quantitative evaluation of passage retrieval algorithms for question answering},
  author={Tellex, Stefanie and Katz, Boris and Lin, Jimmy and Fernandes, Aaron and Marton, Gregory},
  booktitle={Proceedings of the 26th annual international ACM SIGIR conference on Research and development in informaion retrieval},
  pages={41--47},
  year={2003},
  organization={ACM}
}

@inproceedings{turian2010word,
  title={Word representations: a simple and general method for semi-supervised learning},
  author={Turian, Joseph and Ratinov, Lev and Bengio, Yoshua},
  booktitle={Proceedings of the 48th annual meeting of the association for computational linguistics},
  pages={384--394},
  year={2010},
  organization={Association for Computational Linguistics}
}

@inproceedings{socher2011parsing,
  title={Parsing natural scenes and natural language with recursive neural networks},
  author={Socher, Richard and Lin, Cliff C and Manning, Chris and Ng, Andrew Y},
  booktitle={Proceedings of the 28th international conference on machine learning (ICML-11)},
  pages={129--136},
  year={2011}
}

@article{lund1996producing,
  title={Producing high-dimensional semantic spaces from lexical co-occurrence},
  author={Lund, Kevin and Burgess, Curt},
  journal={Behavior Research Methods, Instruments, \& Computers},
  volume={28},
  number={2},
  pages={203--208},
  year={1996},
  publisher={Springer}
}

@article{lebret2013word,
  title={Word emdeddings through hellinger PCA},
  author={Lebret, R{\'e}mi and Collobert, Ronan},
  journal={arXiv preprint arXiv:1312.5542},
  year={2013}
}

@incollection{bengio2006neural,
  title={Neural probabilistic language models},
  author={Bengio, Yoshua and Schwenk, Holger and Sen{\'e}cal, Jean-S{\'e}bastien and Morin, Fr{\'e}deric and Gauvain, Jean-Luc},
  booktitle={Innovations in Machine Learning},
  pages={137--186},
  year={2006},
  publisher={Springer}
}

@article{mikolov2013efficient,
  title={Efficient estimation of word representations in vector space},
  author={Mikolov, Tomas and Chen, Kai and Corrado, Greg and Dean, Jeffrey},
  journal={arXiv preprint arXiv:1301.3781},
  year={2013}
}

@inproceedings{pennington2014glove,
  title={Glove: Global Vectors for Word Representation.},
  author={Pennington, Jeffrey and Socher, Richard and Manning, Christopher D},
  booktitle={EMNLP},
  volume={14},
  pages={1532--1543},
  year={2014}
}

@article{shazeer2016swivel,
  title={Swivel: Improving Embeddings by Noticing What's Missing},
  author={Shazeer, Noam and Doherty, Ryan and Evans, Colin and Waterson, Chris},
  journal={arXiv preprint arXiv:1602.02215},
  year={2016}
}

@inproceedings{levy2014neural,
  title={Neural word embedding as implicit matrix factorization},
  author={Levy, Omer and Goldberg, Yoav},
  booktitle={Advances in Neural Information Processing Systems},
  pages={2177--2185},
  year={2014}
}

@article{vilnis2014word,
  title={Word representations via gaussian embedding},
  author={Vilnis, Luke and McCallum, Andrew},
  journal={arXiv preprint arXiv:1412.6623},
  year={2014}
}

@article{gomez2003survey,
  title={A survey on continuous elliptical vector distributions},
  author={G{\'o}mez, Eusebio and G{\'o}mez-Villegas, Miguel A and Mar{\'\i}n, J Miguel},
  journal={Revista matem{\'a}tica complutense},
  volume={16},
  number={1},
  pages={345--361},
  year={2003}
}

@article{nadarajah2005convolutions,
  title={Convolutions of the T distribution},
  author={Nadarajah, S and Dey, DK},
  journal={Computers \& Mathematics with Applications},
  volume={49},
  number={5},
  pages={715--721},
  year={2005},
  publisher={Elsevier}
}

@article{jebara2004probability,
  title={Probability product kernels},
  author={Jebara, Tony and Kondor, Risi and Howard, Andrew},
  journal={The Journal of Machine Learning Research},
  volume={5},
  pages={819--844},
  year={2004},
  publisher={JMLR. org}
}

@misc{jordan2003introduction,
  title={An introduction to probabilistic graphical models},
  author={Jordan, Michael I},
  year={2003},
  publisher={preparation}
}

@inproceedings{he2015learning,
  title={Learning to Represent Knowledge Graphs with Gaussian Embedding},
  author={He, Shizhu and Liu, Kang and Ji, Guoliang and Zhao, Jun},
  booktitle={Proceedings of the 24th ACM International on Conference on Information and Knowledge Management},
  pages={623--632},
  year={2015},
  organization={ACM}
}

@article{levy2015improving,
  title={Improving distributional similarity with lessons learned from word embeddings},
  author={Levy, Omer and Goldberg, Yoav and Dagan, Ido},
  journal={Transactions of the Association for Computational Linguistics},
  volume={3},
  pages={211--225},
  year={2015}
}









